@misc{sample,
	title = {Researcher Development Framework},
	url = {www.vitae.ac.uk/rdf},
	publisher = {Careers Research and Advisory Centre Limited},
	author = {{Vitae}},
	date = {2011-04-02},
	file = {Researcher-Development-Framework-RDF-Vitae.pdf:/home/bbarker/Zotero/storage/DLT88GPX/Researcher-Development-Framework-RDF-Vitae.pdf:application/pdf}
}
